<?xml version="1.0" encoding="UTF-8"?><collection xmlns="http://www.loc.gov/MARC21/slim"><record><leader>00413nam--2200145-i-4500</leader><controlfield tag="001">000024517</controlfield><controlfield tag="002">20161230</controlfield><controlfield tag="005">20161230201035</controlfield><controlfield tag="008">060222s1000------------r-----000-0-eng-d</controlfield><datafield ind1=" " ind2="1" tag="100"><subfield code="a">Haraux, Alain</subfield></datafield><datafield ind1="1" ind2="0" tag="245"><subfield code="a">Nonlinear Evolution Equations-Global Behavior of Solutions</subfield></datafield><datafield ind1=" " ind2=" " tag="260"><subfield code="b">Springer-Verlag</subfield><subfield code="c">1981</subfield></datafield><datafield ind1=" " ind2=" " tag="490"><subfield code="a">Lecture notes in Mathematics</subfield><subfield code="v">vol.841</subfield></datafield><datafield ind1=" " ind2=" " tag="852"><subfield code="a">70274</subfield><subfield code="c">517.9</subfield></datafield><datafield ind1=" " ind2=" " tag="CAT"><subfield code="a">Sys</subfield><subfield code="c">20090326</subfield><subfield code="h">114638</subfield></datafield></record></collection>